@book{Jackson1999,
  author={Jackson, John David},
  title={Classical electrodynamics},
  publisher={Wiley},
  address={New York ; Weinheim [u.a.]},
  year={1999},
}
@book{Nakahara2003,
	author={Nakahara, Mikio},
	title={Geometry, topology and physics},
	publisher={Taylor \& Francis},
	address={New York [u.a.]},
	year={2003},
}
@book{Itzykson2005,
	author={Itzykson, Claude and Zuber, Jean-Bernard},
	title={Quantum field theory},
	publisher={Dover Publications},
	address={Mineola, N.Y.},
	year={2005},
}
@book{Dray1999,
	author = {Dray, Tevian},
	title = {The Hodge Dual Operator},
	date = {1999},
	address={Department of Mathematics, Oregon State University, Corvallis, OR 97331, USA},
}
@article{Warnick2014,
	author = {Warnick, Karl and Russer, Peter},
	title = {Differential Forms and Electromagnetic Field Theory},
	journaltitle = {Progress In Electromagnetics Research, Vol. 148, 83–112},
	date = {2014},
}
@book{MisnerThorneWheeler1973,
	author={Misner, Charles W. and Thorne, Kip S. and Wheeler, John Archibald},
	title={Gravitation},
	publisher={Freeman},
	address={San Francisco, Calif.},
	year={1973},
}
@BOOK{Baez1994,
	AUTHOR = {Baez, John and Muniain, Javier P},
	YEAR = {1994},
	TITLE = {Gauge Fields, Knots and Gravity },
	PUBLISHER = {World Scientific Publishing Company},
	ADDRESS = {Singapore},
}
@book{Hebecker2007,
	author = {Prof. A. Hebecker},
	title = {Allgemeine Relativitätstheorie - Vorlesungsskript},
	date = {2007},
}
@book{Stern2009,
	author = {Stern; Tong; Desbrun and Marsden},
	title = {Geometric Computational Electrodynamics With Variational Integrators
And Discrete Differential Forms},
	date = {2009},
}
