

@misc{PawlowskiNPgaugeLecture,
  title = "The Functional Renormalization Group \& applications to gauge theories and gravity ",
  author = "Pawlowski, Jan. M. and Bonnet, J. A. and Rechenberger, Stefan and Reichert, Manuel and Wink, Nicolas",
  year = "2019",
  note = "Heidelberg University",
  howpublished = "Lecture Notes (Access currently restricted to students)"
}

@article{Wetterich1992,
      author         = "Wetterich, Christof",
      title          = "{Exact evolution equation for the effective potential}",
      journal        = "Phys. Lett.",
      volume         = "B301",
      year           = "1993",
      pages          = "90-94",
      doi            = "10.1016/0370-2693(93)90726-X",
      eprint         = "1710.05815",
      archivePrefix  = "arXiv",
      primaryClass   = "hep-th",
      reportNumber   = "HD-THEP-92-61",
      SLACcitation   = "%%CITATION = ARXIV:1710.05815;%%"
}

@article{ChristiansenLitimPawlowskiReichert2018,
      author         = "Christiansen, Nicolai and Litim, Daniel F. and Pawlowski,
                        Jan M. and Reichert, Manuel",
      title          = "Asymptotic safety of gravity with matter",
      journal        = "Phys. Rev.",
      volume         = "D97",
      year           = "2018",
      number         = "10",
      pages          = "106012",
      doi            = "10.1103/PhysRevD.97.106012",
      eprint         = "1710.04669",
      archivePrefix  = "arXiv",
      primaryClass   = "hep-th",
      SLACcitation   = "%%CITATION = ARXIV:1710.04669;%%"
}

@article{MeibohmPawlowskiReichert2015,
      author         = "Meibohm, Jan and Pawlowski, Jan M. and Reichert, Manuel",
      title          = "Asymptotic safety of gravity-matter systems",
      journal        = "Phys. Rev.",
      volume         = "D93",
      year           = "2016",
      number         = "8",
      pages          = "084035",
      doi            = "10.1103/PhysRevD.93.084035",
      eprint         = "1510.07018",
      archivePrefix  = "arXiv",
      primaryClass   = "hep-th",
      SLACcitation   = "%%CITATION = ARXIV:1510.07018;%%"
}

@article{DonaEichhornPercacci2013,
      author         = "Don\`a, Pietro and Eichhorn, Astrid and Percacci, Roberto",
      title          = "Matter matters in asymptotically safe quantum gravity",
      journal        = "Phys. Rev.",
      volume         = "D89",
      year           = "2014",
      number         = "8",
      pages          = "084035",
      doi            = "10.1103/PhysRevD.89.084035",
      eprint         = "1311.2898",
      archivePrefix  = "arXiv",
      primaryClass   = "hep-th",
      SLACcitation   = "%%CITATION = ARXIV:1311.2898;%%"
}


@incollection{Weinberg1980,
      author         = "Weinberg, Steven",
      title          = "{Ultraviolet Divergences in Quantum Theories of Gravitation}",
      booktitle      = "General Relativity: An Einstein Centenary Survey",
      pages          = "790-831",
      year           = "1980",
      SLACcitation   = "%%CITATION = INSPIRE-159043;%%"
}



@article{GoroffSanotti1985,
      author         = "Goroff, Marc H. and Sagnotti, Augusto",
      title          = "{Quantum Gravity at Two Loops}",
      journal        = "Phys. Lett.",
      volume         = "160B",
      year           = "1985",
      pages          = "81-86",
      doi            = "10.1016/0370-2693(85)91470-4",
      reportNumber   = "CALT-68-1263, UCB-PTH-85/18, LBL-19512",
      SLACcitation   = "%%CITATION = PHLTA,160B,81;%%"
}

@article{tHooftVeltmann1974,
      author         = "'t Hooft, Gerard and Veltman, M. J. G.",
      title          = "{One loop divergencies in the theory of gravitation}",
      journal        = "Ann. Inst. H. Poincare Phys. Theor.",
      volume         = "A20",
      year           = "1974",
      pages          = "69-94",
      SLACcitation   = "%%CITATION = INSPIRE-95368;%%"
}
@article{Wilson1971,
  title = {Renormalization Group and Critical Phenomena. I. Renormalization Group and the Kadanoff Scaling Picture},
  author = {Wilson, Kenneth G.},
  journal = {Phys. Rev. B},
  volume = {4},
  issue = {9},
  pages = {3174--3183},
  numpages = {0},
  year = {1971},
  month = {Nov},
  publisher = {American Physical Society},
  doi = {10.1103/PhysRevB.4.3174},
  url = {https://link.aps.org/doi/10.1103/PhysRevB.4.3174}
}

@article{ReuterSaueressig2012,
      author         = "Reuter, Martin and Saueressig, Frank",
      title          = "{Quantum Einstein Gravity}",
      journal        = "New J. Phys.",
      volume         = "14",
      year           = "2012",
      pages          = "055022",
      doi            = "10.1088/1367-2630/14/5/055022",
      eprint         = "1202.2274",
      archivePrefix  = "arXiv",
      primaryClass   = "hep-th",
      SLACcitation   = "%%CITATION = ARXIV:1202.2274;%%"
}

@article{Reuter1996,
      author         = "Reuter, M.",
      title          = "{Nonperturbative evolution equation for quantum gravity}",
      journal        = "Phys. Rev.",
      volume         = "D57",
      year           = "1998",
      pages          = "971-985",
      doi            = "10.1103/PhysRevD.57.971",
      eprint         = "hep-th/9605030",
      archivePrefix  = "arXiv",
      primaryClass   = "hep-th",
      reportNumber   = "DESY-96-080",
      SLACcitation   = "%%CITATION = HEP-TH/9605030;%%"
}
