@book{MisnerThorneWheeler1973,
	author={Misner, Charles W. and Thorne, Kip S. and Wheeler, John Archibald},
	title={Gravitation},
	publisher={Freeman},
	address={San Francisco, Calif.},
	year={1973},
}
