@book{Percacci2017,
	  title="An Introduction to Covariant Quantum Gravity and Asymptotic Safety", 
	  DOI="10.1142/10369", 
	  publisher="World Scientific", 
	  author="Percacci, Roberto", 
	  year="2017", 
}

@misc{PawlowskiNPgaugeLecture,
  title = "The Functional Renormalization Group \& applications to gauge theories and gravity ",
  author = "Pawlowski, Jan. M. and Bonnet, J. A. and Rechenberger, Stefan and Reichert, Manuel and Wink, Nicolas",
  year = "2019",
  note = "Heidelberg University",
  howpublished = "Lecture Notes (Access currently restricted to students)"
  }
  
@article{ReuterSaueressig2002,
      author         = "Reuter, Martin and Saueressig, Frank",
      title          = "{Renormalization group flow of quantum gravity in the
                        Einstein-Hilbert truncation}",
      journal        = "Phys. Rev.",
      volume         = "D65",
      year           = "2002",
      pages          = "065016",
      doi            = "10.1103/PhysRevD.65.065016",
      eprint         = "hep-th/0110054",
      archivePrefix  = "arXiv",
      primaryClass   = "hep-th",
      reportNumber   = "MZ-TH-01-27",
      SLACcitation   = "%%CITATION = HEP-TH/0110054;%%"
}


@book{ReuterSaueressig_2019,
	  place= "Cambridge", 
	  series="Cambridge Monographs on Mathematical Physics",
	  title="Quantum Gravity and the Functional Renormalization Group: The Road towards Asymptotic Safety", 
	  DOI="10.1017/9781316227596", 
	  publisher="Cambridge University Press", 
	  author="Reuter, Martin and Saueressig, Frank", 
	  year="2019", 
	  collection="Cambridge Monographs on Mathematical Physics"
}

@article{Wetterich1992,
      author         = "Wetterich, Christof",
      title          = "{Exact evolution equation for the effective potential}",
      journal        = "Phys. Lett.",
      volume         = "B301",
      year           = "1993",
      pages          = "90-94",
      doi            = "10.1016/0370-2693(93)90726-X",
      eprint         = "1710.05815",
      archivePrefix  = "arXiv",
      primaryClass   = "hep-th",
      reportNumber   = "HD-THEP-92-61",
      SLACcitation   = "%%CITATION = ARXIV:1710.05815;%%"
}

@article{ChristiansenLitimPawlowskiReichert2018,
      author         = "Christiansen, Nicolai and Litim, Daniel F. and Pawlowski,
                        Jan M. and Reichert, Manuel",
      title          = "Asymptotic safety of gravity with matter",
      journal        = "Phys. Rev.",
      volume         = "D97",
      year           = "2018",
      number         = "10",
      pages          = "106012",
      doi            = "10.1103/PhysRevD.97.106012",
      eprint         = "1710.04669",
      archivePrefix  = "arXiv",
      primaryClass   = "hep-th",
      SLACcitation   = "%%CITATION = ARXIV:1710.04669;%%"
}

@article{MeibohmPawlowskiReichert2015,
      author         = "Meibohm, Jan and Pawlowski, Jan M. and Reichert, Manuel",
      title          = "Asymptotic safety of gravity-matter systems",
      journal        = "Phys. Rev.",
      volume         = "D93",
      year           = "2016",
      number         = "8",
      pages          = "084035",
      doi            = "10.1103/PhysRevD.93.084035",
      eprint         = "1510.07018",
      archivePrefix  = "arXiv",
      primaryClass   = "hep-th",
      SLACcitation   = "%%CITATION = ARXIV:1510.07018;%%"
}

@article{DonaEichhornPercacci2013,
      author         = "Don\`a, Pietro and Eichhorn, Astrid and Percacci, Roberto",
      title          = "Matter matters in asymptotically safe quantum gravity",
      journal        = "Phys. Rev.",
      volume         = "D89",
      year           = "2014",
      number         = "8",
      pages          = "084035",
      doi            = "10.1103/PhysRevD.89.084035",
      eprint         = "1311.2898",
      archivePrefix  = "arXiv",
      primaryClass   = "hep-th",
      SLACcitation   = "%%CITATION = ARXIV:1311.2898;%%"
}

@misc{FloerchingerWetterichQFT,
  title = "Lectures on Quantum Field Theory",
  author = "Floerchinger, Stefan and Wetterich, Christof",
  year = "2019",
  note = "Heidelberg University",
  howpublished = "Lecture Notes (Access currently restricted to students)"
}
 
@article{CarrollGR,
      author         = "Carroll, Sean M.",
      title          = "{Lecture notes on general relativity}",
      year           = "1997",
      eprint         = "gr-qc/9712019",
      archivePrefix  = "arXiv",
      primaryClass   = "gr-qc",
      reportNumber   = "NSF-ITP-97-147",
      SLACcitation   = "%%CITATION = GR-QC/9712019;%%"
}

@article{CodelloPercacciRahmede2008,
      author         = "Codello, Alessandro and Percacci, Roberto and Rahmede,
                        Christoph",
      title          = "{Investigating the Ultraviolet Properties of Gravity with
                        a Wilsonian Renormalization Group Equation}",
      journal        = "Annals Phys.",
      volume         = "324",
      year           = "2009",
      pages          = "414-469",
      doi            = "10.1016/j.aop.2008.08.008",
      eprint         = "0805.2909",
      archivePrefix  = "arXiv",
      primaryClass   = "hep-th",
      SLACcitation   = "%%CITATION = ARXIV:0805.2909;%%"
}

@phdthesis{LippoldtPHD,
        author       = {Lippoldt, Stefan},
        title        = {Fermions in curved spacetimes},
        institution  = {Friedrich-Schiller-University Jena},
        date         = 2016,
        note		 = {(\href{https://www.db-thueringen.de/servlets/MCRFileNodeServlet/dbt_derivate_00035342/Stefan_Lippoldt.pdf}{Link})}
}

@article{BritoHamadaPereiraYamada2019,
      author         = "De Brito, Gustavo P. and Hamada, Yuta and Pereira,
                        Antonio D. and Yamada, Masatoshi",
      title          = "{On the impact of Majorana masses in gravity-matter
                        systems}",
      year           = "2019",
      eprint         = "1905.11114",
      archivePrefix  = "arXiv",
      primaryClass   = "hep-th",
      reportNumber   = "CCTP-2019-4, ITCP-IPP 2019/4",
      SLACcitation   = "%%CITATION = ARXIV:1905.11114;%%"
}